@book{modern_os,
  title     = {Modern operating systems},
  author    = {Tanenbaum, Andrew},
  year      = {2009},
  publisher = {Pearson Education, Inc.,}
}

@inproceedings{single-to-multicore,
  title     = {From single core to multi-core: preparing for a new exponential},
  author    = {Parkhurst, Jeff and Darringer, John and Grundmann, Bill},
  booktitle = {Proceedings of the 2006 IEEE/ACM international conference on Computer-aided design},
  pages     = {67--72},
  year      = {2006}
}


@misc{mdn_js,
  title    = {JavaScript},
  author   = {MDN},
  url      = {https://developer.mozilla.org/en-US/docs/Web/JavaScript},
  abstract = {JavaScript (JS) is a lightweight, interpreted, or just-in-time compiled programming language with first-class functions. While it is most well-known as the scripting language for Web pages, many non-browser environments also use it, such as Node.js, Apache CouchDB and Adobe Acrobat. JavaScript is a prototype-based, multi-paradigm, single-threaded, dynamic language, supporting object-oriented, imperative, and declarative (e.g. functional programming) styles. Read more about JavaScript.},
  language = {en-US},
  urldate  = {2022-06-27},
  file     = {Snapshot:C\:\\Users\\below.thorben\\Zotero\\storage\\UI3HVKBR\\JavaScript.html:text/html}
}



% todo
@misc{todo,
  author       = {todo},
  howpublished = {todo},
  title        = {todo},
  year         = {2020}
}
